<record>
  <leader>01117nem a2200301 a 4500</leader>
  <controlfield tag="001">991000097159702696</controlfield>
  <controlfield tag="005">20171129133215.0</controlfield>
  <controlfield tag="006">e       a   r 0   </controlfield>
  <controlfield tag="007">aj canza</controlfield>
  <controlfield tag="008">051118s2001    xx     cc a   r 1   eng d</controlfield>
  <datafield tag="035" ind1=" " ind2=" ">
    <subfield code="a">(IL-JeALB)10316-972ai_inst</subfield>
  </datafield>
  <datafield tag="035" ind1=" " ind2=" ">
    <subfield code="a">10316</subfield>
    <subfield code="9">ExL</subfield>
  </datafield>
  <datafield tag="035" ind1=" " ind2=" ">
    <subfield code="a">map00000107</subfield>
  </datafield>
  <datafield tag="110" ind1="1" ind2=" ">
    <subfield code="a">Casco Bay Assyriological Institute</subfield>
  </datafield>
  <datafield tag="245" ind1="1" ind2="4">
    <subfield code="a">The Near East in the Neo-Assyrian period.</subfield>
    <subfield code="h">[map]</subfield>
  </datafield>
  <datafield tag="246" ind1="0" ind2=" ">
    <subfield code="a">Helsinki map.</subfield>
  </datafield>
  <datafield tag="255" ind1=" " ind2=" ">
    <subfield code="a">Scale 1:2,000,000.</subfield>
  </datafield>
  <datafield tag="260" ind1=" " ind2=" ">
    <subfield code="b">Casco Bay Assyriological Institute,</subfield>
    <subfield code="c">2001.</subfield>
  </datafield>
  <datafield tag="300" ind1=" " ind2=" ">
    <subfield code="a">1 map on 1 sheet ;</subfield>
    <subfield code="c">57 x 96.5 cm. on sheet 72 x 102 cm.</subfield>
  </datafield>
  <datafield tag="506" ind1=" " ind2=" ">
    <subfield code="a">May require conservation work before use.</subfield>
  </datafield>
  <datafield tag="546" ind1=" " ind2=" ">
    <subfield code="a">Place names in Assyrian.</subfield>
  </datafield>
  <datafield tag="651" ind1=" " ind2="0">
    <subfield code="a">Asia</subfield>
    <subfield code="z">Middle East</subfield>
    <subfield code="v">Maps.</subfield>
  </datafield>
  <datafield tag="710" ind1="2" ind2=" ">
    <subfield code="a">Neo-Assyrian Text Corpus Project.</subfield>
  </datafield>
  <datafield tag="710" ind1="2" ind2=" ">
    <subfield code="a">NATCP.</subfield>
  </datafield>
  <datafield tag="777" ind1="0" ind2=" ">
    <subfield code="i">Originally accompanied the book:</subfield>
    <subfield code="t">The Helsinki atlas of the Near East in the neo-Assyrian period, edited by Simo Parpola &amp; Michael Porter.</subfield>
    <subfield code="o">(G2206.S1H44 2001, ALB18107).</subfield>
    <subfield code="w">991000036759702696</subfield>
  </datafield>
  <datafield tag="913" ind1=" " ind2=" ">
    <subfield code="1">119</subfield>
    <subfield code="2">Publisher</subfield>
    <subfield code="5">Uncertain</subfield>
    <subfield code="6">Full</subfield>
  </datafield>
  <datafield tag="949" ind1=" " ind2=" ">
    <subfield code="a">MAPS 28-01-1</subfield>
  </datafield>
  <datafield tag="999" ind1=" " ind2=" ">
    <subfield code="a">MAP</subfield>
  </datafield>
</record>
